
@unpublished{pythondoc,
    Author = {Drake, Fred L. and Lundh, Fredrik},
    copyright = {2001-2013 Python Software Foundation, 2000 BeOpen.com, 1995-2000 Corporation for National Research Initiatives, 1991-1995 Stichting Mathematisch Centrum},
    title = {{Python v2.7.5 documentation}},
    year = {2013},
    url = {http://docs.python.org/2/}
}

@unpublished{pytilitiesdoc,
    Author = {Diels, Tim},
    title = {{Pytilities Documentation}},
    year = {2010},
    url = {http://pytilities.sourceforge.net/doc/1.0.1/}
}

@unpublished{pythiusdoc,
    Author = {Hermann, Jürgen and Tobin, Frank},
    title = {{Pythius Documentation}},
    year = {2001},
    url = {http://sourceforge.net/projects/pythius/}
}

@unpublished{pythonaopdoc,
    Author = {Ruiz, Vicente},
    title = {{Python AOP Framework Documentation}},
    year = {2013},
    url = {https://github.com/LemonFramework/python-aop}
}

@unpublished{logilabdoc,
    Author = {David, Pierre-Yves and Mascio, Adrien Di and Fayolle, Alexandre},
    title = {{Logilab-Aspects Documentation}},
    year = {2009},
    url = {http://www.logilab.org/project/logilab-aspects#documentation_tab}
}

@article{aspectpydoc,
    Author = {Kervinen, Antti},
    title = {A Lightweight Approach to Aspect-Oriented Programming in Python},
    year = {2009},
    url = {http://www.cs.tut.fi/~ask/aspects/index.shtml}
}
    
@article{springpythondoc,
    Author = {Turnquist, Greg and Suchojad, Dariusz},
    title = {Spring Python documentation},
    year = {2011},
    url = {http://docs.spring.io/spring-python/1.2.x/sphinx/html/aop.html}
}
@article{springpythondoc2,
    Author = {Turnquist, Greg and Suchojad, Dariusz},
    title = {Spring Python documentation},
    year = {2011},
    url = {http://docs.spring.io/spring-python/1.2.x/sphinx/html/aop.html}
}

@article{evaulation,
    author = {Bachmann, Arne and Bergmeyer, Henning and Schreiber, Andreas},
    title = {Evaluation of aspect-oriented frameworks in Python for extending a project with provenance documentation feature},
    year = {2011},
    url = {http://ojs.pythonpapers.org/index.php/tpp/article/download/218/202}
}

@book{pythoncook,
    title = {Python Cookbook, 3rd Edition},
    author = {Beazley, David and Jones, Brian K.},
    publisher = {O'Reilly Media, Inc.},
    url = {http://it-ebooks.info/go.php?id=2334-1383576480-92e0f10a16acf4b1b045a0c0f0fe9aae},
    isbn = {978-1-4493-4037-7},
    year = {2013}
}

@unpublished{aspectjdoc,
    author = {Colyer, Adrian and Clement, Andy and Isberg, Wes and Kersten, Mik and Vasseur, Alex and Webster, Matthew and Hawkins, Helen and Bodkin, Ron},
    copyright = {1998-2001 Xerox Corporation, 2002-2003 Palo Alto Research Center},
    title = {The AspectJ Programming Guide},
    year = {2002},
    url = {http://www.eclipse.org/aspectj/doc/next/progguide/}
}



@unpublished{pythondoc,
    Author = {Drake, Fred L. and Lundh, Fredrik},
    copyright = {2001-2013 Python Software Foundation, 2000 BeOpen.com, 1995-2000 Corporation for National Research Initiatives, 1991-1995 Stichting Mathematisch Centrum},
    title = {{Python v2.7.5 documentation}},
    year = {2013},
    url = {http://docs.python.org/2/}
}
@unpublished{pythondoc2,
    Author = {Drake, Fred L. and Lundh, Fredrik},
    copyright = {2001-2013 Python Software Foundation, 2000 BeOpen.com, 1995-2000 Corporation for National Research Initiatives, 1991-1995 Stichting Mathematisch Centrum},
    title = {{Python v2.7.5 documentation}},
    year = {2013},
    url = {http://docs.python.org/2/}
}

@unpublished{pytilitiesdoc,
    Author = {Diels, Tim},
    title = {{Pytilities Documentation}},
    year = {2010},
    url = {http://pytilities.sourceforge.net/doc/1.0.1/}
}

@unpublished{pythiusdoc,
    Author = {Hermann, Jürgen and Tobin, Frank},
    title = {{Pythius Documentation}},
    year = {2001},
    url = {http://sourceforge.net/projects/pythius/}
}

@unpublished{pythonaopdoc,
    Author = {Ruiz, Vicente},
    title = {{Python AOP Framework Documentation}},
    year = {2013},
    url = {https://github.com/LemonFramework/python-aop}
}

@unpublished{logilabdoc,
    Author = {David, Pierre-Yves and Mascio, Adrien Di and Fayolle, Alexandre},
    title = {{Logilab-Aspects Documentation}},
    year = {2009},
    url = {http://www.logilab.org/project/logilab-aspects#documentation_tab}
}

@article{aspectpydoc,
    Author = {Kervinen, Antti},
    title = {A Lightweight Approach to Aspect-Oriented Programming in Python},
    year = {2009},
    url = {http://www.cs.tut.fi/~ask/aspects/index.shtml}
}
    
@article{springpythondoc,
    Author = {Turnquist, Greg and Suchojad, Dariusz},
    title = {Spring Python documentation},
    year = {2011},
    url = {http://docs.spring.io/spring-python/1.2.x/sphinx/html/aop.html}
}

@article{evaulation,
    author = {Bachmann, Arne and Bergmeyer, Henning and Schreiber, Andreas},
    title = {Evaluation of aspect-oriented frameworks in Python for extending a project with provenance documentation feature},
    year = {2011},
    url = {http://ojs.pythonpapers.org/index.php/tpp/article/download/218/202}
}

@book{pythoncook,
    title = {Python Cookbook, 3rd Edition},
    author = {Beazley, David and Jones, Brian K.},
    publisher = {O'Reilly Media, Inc.},
    url = {http://it-ebooks.info/go.php?id=2334-1383576480-92e0f10a16acf4b1b045a0c0f0fe9aae},
    isbn = {978-1-4493-4037-7},
    year = {2013}
}

@unpublished{aspectjdoc,
    author = {Colyer, Adrian and Clement, Andy and Isberg, Wes and Kersten, Mik and Vasseur, Alex and Webster, Matthew and Hawkins, Helen and Bodkin, Ron},
    copyright = {1998-2001 Xerox Corporation, 2002-2003 Palo Alto Research Center},
    title = {The AspectJ Programming Guide},
    year = {2002},
    url = {http://www.eclipse.org/aspectj/doc/next/progguide/}
}
@unpublished{aspectjdoc2,
    author = {Colyer, Adrian and Clement, Andy and Isberg, Wes and Kersten, Mik and Vasseur, Alex and Webster, Matthew and Hawkins, Helen and Bodkin, Ron},
    copyright = {1998-2001 Xerox Corporation, 2002-2003 Palo Alto Research Center},
    title = {The AspectJ Programming Guide},
    year = {2002},
    url = {http://www.eclipse.org/aspectj/doc/next/progguide/}
}

@article{matusakStrat,
    author={Matusiak, Martin},
    title={Strategies for aspect oriented programming in Python},
    year={2009},
    url = {http://www.matusiak.eu/media/uploads/aop_strategies.pdf}
}

@article{matusakStrat2,
    author={Matusiak, Martin},
    title={Strategies for aspect oriented programming in Python},
    year={2009},
    url = {http://www.matusiak.eu/media/uploads/aop_strategies.pdf}
}

@unpublished{aspectpyd,
    author = {Bystricky, Michal},
    title = {AspectPy Library},
    year = {2013},
    url = {https://bitbucket.org/m\_by/aspectpy},
    note = {Available at https://bitbucket.org/m\_by/aspectpy}
}










